<record><leader>00000cas a2200000 a 4500</leader><controlfield tag="001">11493001</controlfield><controlfield tag="008">841214d18901893ksuwr ne      0   a0eng d</controlfield><datafield ind1=" " ind2=" " tag="010"><subfield code="a">sn 84030096 </subfield></datafield><datafield ind1=" " ind2=" " tag="040"><subfield code="a">KSH</subfield><subfield code="b">eng</subfield><subfield code="c">KSH</subfield><subfield code="d">NPT</subfield><subfield code="d">OCL</subfield><subfield code="d">OCLCQ</subfield></datafield><datafield ind1=" " ind2=" " tag="042"><subfield code="a">msc</subfield></datafield><datafield ind1="0" ind2="0" tag="245"><subfield code="a">Hamilton County bulletin.</subfield></datafield><datafield ind1=" " ind2=" " tag="260"><subfield code="a">Coolidge, Kan. :</subfield><subfield code="b">John W. Bishop,</subfield><subfield code="c">1890-1893.</subfield></datafield><datafield ind1=" " ind2=" " tag="300"><subfield code="a">3 v. :</subfield><subfield code="b">ill. ;</subfield><subfield code="c">60 cm.</subfield></datafield><datafield ind1=" " ind2=" " tag="310"><subfield code="a">Weekly</subfield></datafield><datafield ind1="0" ind2=" " tag="362"><subfield code="a">Vol. 5, no. 1 (Sept. 12, 1890)-v. 8, no. 3 (Sept. 22, 1893).</subfield></datafield><datafield ind1=" " ind2=" " tag="500"><subfield code="a">Published at Syracuse, Kan., May 15, 1891-Sept. 22, 1893.</subfield></datafield><datafield ind1=" " ind2=" " tag="500"><subfield code="a">Published by I.J.C. Guy &amp; Son, July 7-Sept. 22, 1893.</subfield></datafield><datafield ind1=" " ind2=" " tag="500"><subfield code="a">"Republican." Cf. Ayer, 1891.</subfield></datafield><datafield ind1=" " ind2=" " tag="752"><subfield code="a">United States</subfield><subfield code="b">Kansas</subfield><subfield code="c">Hamilton</subfield><subfield code="d">Coolidge.</subfield></datafield><datafield ind1=" " ind2=" " tag="752"><subfield code="a">United States</subfield><subfield code="b">Kansas</subfield><subfield code="c">Hamilton</subfield><subfield code="d">Syracuse.</subfield></datafield><datafield ind1="0" ind2="0" tag="780"><subfield code="t">Coolidge citizen</subfield><subfield code="w">(DLC)sn 84030095</subfield></datafield><datafield ind1="0" ind2="0" tag="785"><subfield code="t">Syracuse republican (Syracuse, Kan. : 1893)</subfield><subfield code="w">(DLC)sn 84030100</subfield></datafield></record>